@misc{Github1,
	title = "GitHub repository, Project 1",
	howpublished = "\url{https://github.com/simennb/fysstk4155-project1}"
}


@book{Hastie,
	author = {Hastie et al.},
	title = {The Elements of Statistical Learning - Data Mining, Inference, and 		Prediction},
	publisher = {Springer},
	year = {2017},
	edition = {Second edition},
}

@misc{vanwieringen2020lecture,
	title={Lecture notes on ridge regression}, 
    author={Wessel N. van Wieringen},
    year={2020},
    eprint={1509.09169},
    archivePrefix={arXiv},
    primaryClass={stat.ME}
}


@misc{Franke,
	title = {A Critical Comparison of Some Methods for Interpolation of Scattered Data},
  	author = {Franke,, Richard},
  	year = {1979},
  	URL = {https://calhoun.nps.edu/handle/10945/35052},
  	publisher = {Calhoun}
}


@misc{terrain,
	title = {EarthExplorer},
	howpublished = "\url{https://earthexplorer.usgs.gov/}"
}

%%%%%%%%%%%%%%%%%%%%%%%%%%%%%%%%%%%%%%%%%%%%%%

@MISC{Newton,
	title = "Newton's laws of motion",
	howpublished = "\url{https://en.wikipedia.org/wiki/Newton%27s_laws_of_motion}"
}

@unpublished{Joyce,
	author	= "Joyce et. Al.",
	title	= "Cold uniform spherical collapse revisited",
	note	= "Hand out",
}

@MISC{Lecture,
title = "Lecture Notes AST4320",
howpublished = "\url{https://dl.dropboxusercontent.com/u/16515147/AST4320/LecturenotesAST4320_Nov30.pdf}"
,
note = "Pages 19-21 and 57"}

@ARTICLE{JoyceFull,
   author = {{Joyce}, M. and {Marcos}, B. and {Sylos Labini}, F.},
    title = "{Energy ejection in the collapse of a cold spherical self-gravitating cloud}",
  journal = {Monthly Notices of the Royal Astronomical Society},
     year = 2009,
    month = aug,
   volume = 397,
    pages = {775-792}
}

@MISC{Perihelion,
title = "Perihelion precession",
howpublished = "\url{https://en.wikipedia.org/wiki/Apsidal_precession}"
}

%http://dx.doi.org/10.1063/1.3462740
%{M. Joyce, B. Marcos, and F. Sylos Labini, Cold uniform spherical collapse revisited, AIP Conf. Proc. 1241, 955 (2010)}. See also \href{{http://arxiv.org/abs/1011.0614}}{arXiv1011.0614 (2011)}.
